
@article{schwaber2011scrum,
  title={The scrum guide},
  author={Schwaber, Ken and Sutherland, Jeff},
  journal={Scrum Alliance},
  volume={21},
  number={1},
  pages={1--7},
  year={2011}
}
@book{loeliger2012version,
  title={Version Control with Git: Powerful tools and techniques for collaborative software development},
  author={Loeliger, Jon and McCullough, Matthew},
  year={2012},
  publisher={" O'Reilly Media, Inc."},
  pages={1--6}
}
@misc{dateCreUNZ,
  title        = {Wikipedia},
  url          = {https://fr.wikipedia.org/wiki/Universit%C3%A9_Norbert-Zongo},
  note         = {Consulté le 25 avril 2024}
}
@misc{infoUNZbf,
  title        = {unz.bf},
  url          = {Présentation (unz.bf)
},
  note         = {Consulté le 25 avril 2024}
}

@article{zolkifli2018version,
  title={Version control system: A review},
  author={Zolkifli, Nazatul Nurlisa and Ngah, Amir and Deraman, Aziz},
  journal={Procedia Computer Science},
  volume={135},
  pages={408--415},
  year={2018},
  publisher={Elsevier}
}

@inproceedings{lima2014coding,
  title={Coding together at scale: GitHub as a collaborative social network},
  author={Lima, Antonio and Rossi, Luca and Musolesi, Mirco},
  booktitle={Proceedings of the international AAAI conference on web and social media},
  volume={8},
  number={1},
  pages={295--304},
  year={2014}
}